<?xml version="1.0" encoding="utf-8"?>
<Document xmlns:xsi="http://www.w3.org/2001/XMLSchema-instance" xmlns="urn:iso:std:iso:20022:tech:xsd:pacs.003.001.02"
          xsi:schemaLocation="urn:iso:std:iso:20022:tech:xsd:pacs.003.001.02">
    <FIToFICstmrDrctDbt>
        <GrpHdr>
            <MsgId>str1234</MsgId>
            <CreDtTm>2020-01-20T20:12:12</CreDtTm>
            <NbOfTxs>1</NbOfTxs>
            <TtlIntrBkSttlmAmt Ccy="EUR">123.45</TtlIntrBkSttlmAmt>
            <IntrBkSttlmDt>2020-01-22</IntrBkSttlmDt>
            <SttlmInf>
                <SttlmMtd>CLRG</SttlmMtd>
                <ClrSys>
                    <Cd>ST2</Cd>
                </ClrSys>
            </SttlmInf>
            <InstgAgt>
                <FinInstnId>
                    <BIC>TESTBICAXXX</BIC>
                </FinInstnId>
            </InstgAgt>
            <InstdAgt>
                <FinInstnId>
                    <BIC>TESTBICBYYY</BIC>
                </FinInstnId>
            </InstdAgt>
        </GrpHdr>
        <DrctDbtTxInf>
            <PmtId>
                <InstrId>str1234</InstrId>
                <EndToEndId>str1234</EndToEndId>
                <TxId>str1234</TxId>
            </PmtId>
            <PmtTpInf>
                <SvcLvl>
                    <Cd>SEPA</Cd>
                </SvcLvl>
                <LclInstrm>
                    <Cd>CORE</Cd>
                </LclInstrm>
                <SeqTp>FNAL</SeqTp>
                <CtgyPurp>
                    <Cd>str1</Cd>
                </CtgyPurp>
            </PmtTpInf>
            <IntrBkSttlmAmt Ccy="EUR">123.45</IntrBkSttlmAmt>
            <ChrgBr>SLEV</ChrgBr>
            <ReqdColltnDt>2020-01-22</ReqdColltnDt>
            <DrctDbtTx>
                <MndtRltdInf>
                    <MndtId>str1234</MndtId>
                    <DtOfSgntr>2019-07-07</DtOfSgntr>
                    <AmdmntInd>true</AmdmntInd>
                    <AmdmntInfDtls>
                        <OrgnlMndtId>str1234</OrgnlMndtId>
                        <OrgnlCdtrSchmeId>
                            <Nm>str1234</Nm>
                            <Id>
                                <PrvtId>
                                    <Othr>
                                        <Id>str1234</Id>
                                        <SchmeNm>
                                            <Prtry>str1234</Prtry>
                                        </SchmeNm>
                                    </Othr>
                                </PrvtId>
                            </Id>
                        </OrgnlCdtrSchmeId>
                        <OrgnlDbtrAcct>
                            <Id>
                                <IBAN>GR5501400101234567890123456</IBAN>
                            </Id>
                        </OrgnlDbtrAcct>
                        <OrgnlDbtrAgt>
                            <FinInstnId>
                                <BIC>TESTBICA</BIC>
                            </FinInstnId>
                        </OrgnlDbtrAgt>
                    </AmdmntInfDtls>
                    <ElctrncSgntr>str1234</ElctrncSgntr>
                </MndtRltdInf>
                <CdtrSchmeId>
                    <Id>
                        <PrvtId>
                            <Othr>
                                <Id>str1234</Id>
                                <SchmeNm>
                                    <Prtry>str1234</Prtry>
                                </SchmeNm>
                            </Othr>
                        </PrvtId>
                    </Id>
                </CdtrSchmeId>
            </DrctDbtTx>
            <Cdtr>
                <Nm>str1234</Nm>
                <PstlAdr>
                    <Ctry>GR</Ctry>
                    <AdrLine>str1234</AdrLine>
                </PstlAdr>
            </Cdtr>
            <CdtrAcct>
                <Id>
                    <IBAN>GR5501400101234567890123456</IBAN>
                </Id>
            </CdtrAcct>
            <CdtrAgt>
                <FinInstnId>
                    <BIC>TESTBICA</BIC>
                </FinInstnId>
            </CdtrAgt>
            <UltmtCdtr>
                <Nm>str1234</Nm>
                <Id>
                    <OrgId>
                        <BICOrBEI>TESTBICB</BICOrBEI>
                    </OrgId>
                </Id>
            </UltmtCdtr>
            <Dbtr>
                <Nm>str12345</Nm>
                <PstlAdr>
                    <Ctry>GR</Ctry>
                    <AdrLine>str1234</AdrLine>
                </PstlAdr>
                <Id>
                    <OrgId>
                        <BICOrBEI>TESTBICB</BICOrBEI>
                    </OrgId>
                </Id>
            </Dbtr>
            <DbtrAcct>
                <Id>
                    <IBAN>GR5501400101234567890123456</IBAN>
                </Id>
            </DbtrAcct>
            <DbtrAgt>
                <FinInstnId>
                    <BIC>TESTBICA</BIC>
                </FinInstnId>
            </DbtrAgt>
            <UltmtDbtr>
                <Nm>str1234</Nm>
                <Id>
                    <OrgId>
                        <Othr>
                            <Id>str1234</Id>
                            <SchmeNm>
                                <Cd>str1</Cd>
                            </SchmeNm>
                            <Issr>str1234</Issr>
                        </Othr>
                    </OrgId>
                </Id>
            </UltmtDbtr>
            <Purp>
                <Cd>str1</Cd>
            </Purp>
            <RmtInf>
                <Ustrd>str1234</Ustrd>
                <Strd>
                    <CdtrRefInf>
                        <Tp>
                            <CdOrPrtry>
                                <Cd>SCOR</Cd>
                            </CdOrPrtry>
                            <Issr>str1234</Issr>
                        </Tp>
                        <Ref>str1234</Ref>
                    </CdtrRefInf>
                </Strd>
            </RmtInf>
        </DrctDbtTxInf>
    </FIToFICstmrDrctDbt>
</Document>