<?xml version="1.0" encoding="UTF-8"?>
<Document xmlns="urn:iso:std:iso:20022:tech:xsd:pacs.008.001.02">
    <FIToFICstmrCdtTrf>
        <GrpHdr>
            <MsgId>PSCXMILBGRAA20101115114110891</MsgId>
            <CreDtTm>2013-11-07T11:41:10</CreDtTm>
            <NbOfTxs>1</NbOfTxs>
            <TtlIntrBkSttlmAmt Ccy="EUR">20.00</TtlIntrBkSttlmAmt>
            <IntrBkSttlmDt>2013-11-07</IntrBkSttlmDt>
            <SttlmInf>
                <SttlmMtd>CLRG</SttlmMtd>
                <ClrSys>
                    <Prtry>ST2</Prtry>
                </ClrSys>
            </SttlmInf>
            <InstdAgt>
                <FinInstnId>
                    <BIC>BCYPCY2N</BIC>
                </FinInstnId>
            </InstdAgt>
        </GrpHdr>
        <CdtTrfTxInf>
            <PmtId>
                <InstrId>DEUTDE0920000891</InstrId>
                <EndToEndId>NOTPROVIDED</EndToEndId>
                <TxId>DEUTDEFF011OS10222891</TxId>
            </PmtId>
            <PmtTpInf>
                <SvcLvl>
                    <Cd>SEPA</Cd>
                </SvcLvl>
            </PmtTpInf>
            <IntrBkSttlmAmt Ccy="EUR">20.00</IntrBkSttlmAmt>
            <ChrgBr>SLEV</ChrgBr>
            <InstgAgt>
                <FinInstnId>
                    <BIC>DEUTDEFFXXX</BIC>
                </FinInstnId>
            </InstgAgt>
            <Dbtr>
                <Nm>Debtor name</Nm>
                <PstlAdr>
                    <Ctry>DE</Ctry>
                    <AdrLine>Indirizzo 1 Dbtr</AdrLine>
                    <AdrLine>Indirizzo 2 Dbtr</AdrLine>
                </PstlAdr>
                <Id>
                    <OrgId>
                        <Othr>
                            <Id>PT50078101120112001285102</Id>
                            <SchmeNm>
                                <Cd>BANK</Cd>
                            </SchmeNm>
                        </Othr>
                    </OrgId>
                </Id>
            </Dbtr>
            <DbtrAcct>
                <Id>
                    <IBAN>DE73340302860352858328</IBAN>
                </Id>
            </DbtrAcct>
            <DbtrAgt>
                <FinInstnId>
                    <BIC>DEUTDEFFXXX</BIC>
                </FinInstnId>
            </DbtrAgt>
            <CdtrAgt>
                <FinInstnId>
                    <BIC>BCYPCY2N</BIC>
                </FinInstnId>
            </CdtrAgt>
            <Cdtr>
                <Nm>CREDITOR NAME</Nm>
                <PstlAdr>
                    <Ctry>GR</Ctry>
                    <AdrLine>ADDRESS 1</AdrLine>
                    <AdrLine>ATHENS</AdrLine>
                </PstlAdr>
                <Id>
                    <OrgId>
                        <Othr>
                            <Id>PT60078101120112001285102</Id>
                            <SchmeNm>
                                <Cd>BANK</Cd>
                            </SchmeNm>
                        </Othr>
                    </OrgId>
                </Id>
            </Cdtr>
            <CdtrAcct>
                <Id>
                    <IBAN>GR2703801380000000000089777</IBAN>
                </Id>
            </CdtrAcct>
            <RmtInf>
                <Ustrd>Rem. Info</Ustrd>
            </RmtInf>
        </CdtTrfTxInf>
    </FIToFICstmrCdtTrf>
</Document>